@book{rubin1987,
  author    = "Donald B. Rubin",
  title     = "Multiple Imputation for Nonresponse in Surveys",
  publisher = "John Wiley \& Sons",
  year      = "1987"
}

@book{hayes2008,
  author    = "Bob E. Hayes",
  title     = "Measuring Customer Satisfaction and Loyalty: Survey Design, use and Statistical analysis Methods",
  publisher = "American Society for Quality Press",
  edition   = "Third",
  year      = "2008"
}

@inproceedings{huangLuLing2003,
  title        = "Comparing naive Bayes, decision trees, and SVM with AUC and accuracy",
  author       = "Huang, Jin and Lu, Jingjing and Ling, Charles X",
  booktitle    = "Data Mining, 2003. ICDM 2003. Third IEEE International Conference on",
  pages        = "553--556",
  year         = "2003",
  organization = "IEEE"
}

@article{zhang2004,
  title={The optimality of naive Bayes},
  author={Zhang, Harry},
  journal={A A},
  volume={1},
  number={2},
  pages={3},
  year={2004}
}

@article{blakeMerz1998,
  title   = "UCI Repository of machine learning databases [http://www. ics. uci. edu/\~{} mlearn/MLRepository. html]. Irvine, CA: University of California",
  author  = "Blake, Catherine L and Merz, Christopher J",
  journal = "Department of Information and Computer Science",
  volume  = "460",
  year    = "1998"
}

@inproceedings{langley1992analysis,
  title     = "An analysis of Bayesian classifiers",
  author    = "Langley, Pat and Iba, Wayne and Thompson, Kevin",
  booktitle = "AAAI",
  volume    = "90",
  pages     = "223--228",
  year      = "1992"
}

@book{manning2008,
  title     = "Introduction to information retrieval",
  author    = "Manning, Christopher D and Raghavan, Prabhakar and Sch{\"u}tze, Hinrich",
  volume    = "1",
  year      = "2008",
  publisher = "Cambridge University Press Cambridge"
}
